@incollection{Klop:1993:TRS:162552.162559,
 author = {Klop, J. W.},
 chapter = {Term Rewriting Systems},
 title = {Handbook of Logic in Computer Science (Vol. 2)},
 booktitle = {Handbook of Logic in Computer Science (Vol. 2)},
 editor = {Abramsky, S. and Gabbay, Dov M. and Maibaum, S. E.},
 year = {1992},
 isbn = {0-19-853761-1},
 pages = {1--116},
 numpages = {116},
 url = {http://dl.acm.org/citation.cfm?id=162552.162559},
 acmid = {162559},
 publisher = {Oxford University Press, Inc.},
 address = {New York, NY, USA},
} 
@misc{Cora2019,
  author = {Cynthia, C.L.M.},
  title = {Cora},
  year = {2019},
  publisher = {GitHub},
  journal = {GitHub repository},
  howpublished = {\url{https://github.com/hezzel/cora}}
}
@book{Parr:2013:DAR:2501720,
 author = {Parr, Terence},
 title = {The Definitive ANTLR 4 Reference},
 year = {2013},
 isbn = {1934356999, 9781934356999},
 edition = {2nd},
 publisher = {Pragmatic Bookshelf},
} 